@article{phf,
    title={The Perfect Hash Filter: An implementation of the positive approximate set.},
    author={Alexander Towell},
    year={2018}
}

@article{aset,
    title={The approximate set abstract data type.},
    author={Alexander Towell},
    year={2018}
}

@article{es,
    title={Encrypted Search: An information-theoretic approach to confidentiality.},
    author={Alexander Towell},
    year={2018}
}

@article{shs,
    title={The Singular Hash Set: A theoretically optimal implementation of the approximate set.},
    author={Alexander Towell},
    year={2018}
}

@article{bf,
    title={Network Applications of Bloom Filters: A Survey},
    author={Andrei Broder, Michael Mitzenmacher},
    year={2005}
}

@book{manning,
    author = {Manning, Christopher D. and Raghavan, Prabhakar and Sch\"{u}tze, Hinrich},
    title = {Introduction to Information Retrieval},
    year = {2008},
    isbn = {0521865719, 9780521865715},
    publisher = {Cambridge University Press},
    address = {New York, NY, USA},
} 
