@article{aset,
    title={The approximate set abstract data type},
    author={Alexander Towell},
    year={2018},
    url={?}
}

@article{faset,
    title={The fuzzy approximate set abstract data type},
    author={Alexander Towell},
    year={2018},
    url={?}
}

@article{oph,
    title={Cryptographic perfect hash function},
    author={Alexander Towell},
    year={2017},
    url={http://example.com}
}

@article{phf,
    title={The Perfect Hash Filter},
    author={Alexander Towell},
    year={2017},
    url={?}
}

@article{pmf,
    title={The Perfect Map Filter},
    author={Alexander Towell},
    year={2017},
    url={http://example.com}
}

@book{manning,
 author = {Manning, Christopher D. and Raghavan, Prabhakar and Sch\"{u}tze, Hinrich},
 title = {Introduction to Information Retrieval},
 year = {2008},
 isbn = {0521865719, 9780521865715},
 publisher = {Cambridge University Press},
 address = {New York, NY, USA},
} 

